@pdhthesis{gruntz,
	author = {Dominik Wolfgang Gruntz},
	title = {On Computing Limits in a Symbolic Manipulation System},
	institution = {Swiss Federal Institute of Technology Zurich},
	date = {1996},
	url = {http://www.cybertester.com/data/gruntz.pdf}
}
